<record><leader>00000cas a2200000 a 4500</leader><controlfield tag="001">29859406</controlfield><controlfield tag="008">940222d19701975iluwr ne      0   a0eng c</controlfield><datafield ind1=" " ind2=" " tag="010"><subfield code="a">sn 94054640 </subfield></datafield><datafield ind1=" " ind2=" " tag="040"><subfield code="a">NVF</subfield><subfield code="b">eng</subfield><subfield code="c">NVF</subfield><subfield code="d">CVF</subfield><subfield code="d">NVF</subfield><subfield code="d">OCL</subfield><subfield code="d">OCLCQ</subfield><subfield code="d">OCLCF</subfield><subfield code="d">NVF</subfield><subfield code="d">OCLCO</subfield></datafield><datafield ind1="1" ind2=" " tag="029"><subfield code="a">AU@</subfield><subfield code="b">000010884700</subfield></datafield><datafield ind1=" " ind2=" " tag="042"><subfield code="a">pcc</subfield></datafield><datafield ind1=" " ind2=" " tag="043"><subfield code="a">n-us-il</subfield></datafield><datafield ind1="0" ind2="0" tag="245"><subfield code="a">Highwood Ft. Sheridan life.</subfield></datafield><datafield ind1="3" ind2=" " tag="246"><subfield code="a">Highwood Fort Sheridan life</subfield></datafield><datafield ind1=" " ind2=" " tag="260"><subfield code="a">Highland Park, Ill. :</subfield><subfield code="b">Louis A. Lerner,</subfield><subfield code="c">1970-1975.</subfield></datafield><datafield ind1=" " ind2=" " tag="300"><subfield code="a">v.</subfield></datafield><datafield ind1=" " ind2=" " tag="310"><subfield code="a">Weekly</subfield></datafield><datafield ind1="0" ind2=" " tag="362"><subfield code="a">Vol. 4, no. 44 (July 9, 1970)-v. 15, no. 7 (Oct. 16, 1975).</subfield></datafield><datafield ind1=" " ind2=" " tag="515"><subfield code="a">Volume numbering is irregular.</subfield></datafield><datafield ind1=" " ind2=" " tag="580"><subfield code="a">Formed by the union of: Ft. Sheridan life, and: Highwood life, and: Highland Park life.</subfield></datafield><datafield ind1=" " ind2="0" tag="651"><subfield code="a">Highwood (Ill.)</subfield><subfield code="v">Newspapers.</subfield></datafield><datafield ind1=" " ind2="0" tag="651"><subfield code="a">Fort Sheridan (Ill.)</subfield><subfield code="v">Newspapers.</subfield></datafield><datafield ind1=" " ind2="7" tag="651"><subfield code="a">Illinois</subfield><subfield code="z">Fort Sheridan.</subfield><subfield code="2">fast</subfield><subfield code="0">(OCoLC)fst01221210</subfield></datafield><datafield ind1=" " ind2="7" tag="651"><subfield code="a">Illinois</subfield><subfield code="z">Highwood.</subfield><subfield code="2">fast</subfield><subfield code="0">(OCoLC)fst01219150</subfield></datafield><datafield ind1=" " ind2="7" tag="655"><subfield code="a">Newspapers.</subfield><subfield code="2">fast</subfield><subfield code="0">(OCoLC)fst01423814</subfield></datafield><datafield ind1=" " ind2=" " tag="752"><subfield code="a">United States</subfield><subfield code="b">Illinois</subfield><subfield code="c">Lake</subfield><subfield code="d">Highland Park.</subfield></datafield><datafield ind1="1" ind2="4" tag="780"><subfield code="t">Ft. Sheridan life</subfield><subfield code="w">(DLC)sn 94054644</subfield><subfield code="w">(OCoLC)29859478</subfield></datafield><datafield ind1="1" ind2="4" tag="780"><subfield code="t">Highwood life</subfield><subfield code="w">(DLC)sn 94054642</subfield><subfield code="w">(OCoLC)29859414</subfield></datafield><datafield ind1="1" ind2="4" tag="785"><subfield code="t">Highland Park life</subfield><subfield code="w">(DLC)sn 79003839</subfield><subfield code="w">(OCoLC)5011068</subfield></datafield></record>